<record><leader>00000cas a22000007a 4500</leader><controlfield tag="001">10401809</controlfield><controlfield tag="008">840210d18581859meuwr ne      0    0eng d</controlfield><datafield ind1=" " ind2=" " tag="010"><subfield code="a">sn 84022446 </subfield></datafield><datafield ind1=" " ind2=" " tag="040"><subfield code="a">NPX</subfield><subfield code="b">eng</subfield><subfield code="c">NPX</subfield><subfield code="d">MBN</subfield><subfield code="d">OCL</subfield><subfield code="d">OCLCQ</subfield><subfield code="d">OCLCG</subfield><subfield code="d">UKMGB</subfield><subfield code="d">OCLCQ</subfield><subfield code="d">OCLCF</subfield><subfield code="d">OCLCO</subfield></datafield><datafield ind1="7" ind2=" " tag="016"><subfield code="a">013917864</subfield><subfield code="2">Uk</subfield></datafield><datafield ind1=" " ind2=" " tag="042"><subfield code="a">msc</subfield></datafield><datafield ind1=" " ind2=" " tag="043"><subfield code="a">n-us-me</subfield></datafield><datafield ind1="0" ind2="4" tag="245"><subfield code="a">The Rural intelligencer.</subfield></datafield><datafield ind1=" " ind2=" " tag="260"><subfield code="a">Gardiner, Me. :</subfield><subfield code="b">R.B. Caldwell,</subfield><subfield code="c">1858-1859.</subfield></datafield><datafield ind1=" " ind2=" " tag="300"><subfield code="a">v.</subfield></datafield><datafield ind1=" " ind2=" " tag="310"><subfield code="a">Weekly</subfield></datafield><datafield ind1="0" ind2=" " tag="362"><subfield code="a">Vol. 4, no. 14 (Apr. 3, 1858)-v. 5, no. 7 (Feb. 12, 1859).</subfield></datafield><datafield ind1=" " ind2=" " tag="500"><subfield code="a">Editor: W.A. Drew.</subfield></datafield><datafield ind1=" " ind2=" " tag="500"><subfield code="a">Publisher: A.D. Brock, 1858-1859.</subfield></datafield><datafield ind1=" " ind2="0" tag="651"><subfield code="a">Gardiner (Me.)</subfield><subfield code="v">Newspapers.</subfield></datafield><datafield ind1=" " ind2="7" tag="655"><subfield code="a">Newspapers.</subfield><subfield code="2">fast</subfield><subfield code="0">(OCoLC)fst01423814</subfield></datafield><datafield ind1=" " ind2="7" tag="651"><subfield code="a">Maine</subfield><subfield code="z">Gardiner.</subfield><subfield code="2">fast</subfield><subfield code="0">(OCoLC)fst01223541</subfield></datafield><datafield ind1="1" ind2=" " tag="700"><subfield code="a">Drew, William Allen,</subfield><subfield code="d">1798-1879.</subfield></datafield><datafield ind1=" " ind2=" " tag="752"><subfield code="a">United States</subfield><subfield code="b">Maine</subfield><subfield code="c">Kennebec</subfield><subfield code="d">Gardiner.</subfield></datafield><datafield ind1="0" ind2="0" tag="780"><subfield code="t">Drew's rural intelligencer</subfield><subfield code="w">(OCoLC)9025669</subfield></datafield><datafield ind1="0" ind2="0" tag="785"><subfield code="t">Maine rural</subfield><subfield code="w">(DLC)sn 84022447</subfield></datafield></record>